@article{Bahl2011,
author = {Bahl, Justin and Nelson, Martha I and Chan, Kwok H and Chen, Rubing and Vijaykrishna, Dhanasekaran and Halpin, Rebecca a and Stockwell, Timothy B and Lin, Xudong and Wentworth, David E and Ghedin, Elodie and Guan, Yi and {Malik Peiris}, J S and Riley, Steven and Rambaut, Andrew and Holmes, Edward C and Smith, Gavin J D},
doi = {10.1073/pnas.1109314108},
journal = {Proceedings of the National Academy of Sciences},
title = {{Temporally structured metapopulation dynamics and persistence of influenza A H3N2 virus in humans.}},
volume = {108},
pages = {19359--19364},
year = {2011}
}
@article{Bolker1995,
title={Space, persistence and dynamics of measles epidemics},
author={Bolker, Benjamin and Grenfell, Bryan},
journal={Philosophical Transactions of the Royal Society of London Series B},
volume={348},
number={1325},
pages={309--320},
year={1995}
}
@article{Brady2014,
author = {Brady, Oliver J and Golding, Nick and Pigott, David M and Kraemer, Moritz U G and Messina, Jane P and Reiner, Robert C and Scott, Thomas W and Smith, David L and Gething, Peter W and Hay, Simon I},
doi = {10.1186/1756-3305-7-338},
journal = {Parasites \& Vectors},
pages = {338},
title = {{Global temperature constraints on \textit{Aedes aegypti} and \textit{Ae. albopictus} persistence and competence for dengue virus transmission.}},
url = {http://www.pubmedcentral.nih.gov/articlerender.fcgi?artid=4148136\&tool=pmcentrez\&rendertype=abstract},
volume = {7},
year = {2014}
}
@article{Cauchemez2014,
author = {Cauchemez, S and Ledrans, M and Poletto, C and Quenel, P and Valk, H De and Colizza, V and Bo\"{e}lle, P Y},
title = {{Local and regional spread of Chikungunya fever in the Americas}},
journal = {Eurosurveillance},
year = {2014},
volume={19},
pages={20854}
}
@article{Chan2012,
author = {Chan, Miranda and Johansson, Michael A.},
doi = {10.1371/journal.pone.0050972},
journal = {PLOS One},
pages = {e50972},
title = {{The incubation periods of dengue viruses}},
volume = {7},
year = {2012}
}
@article{Chowell2011,
author = {Chowell, Gerardo and Cazelles, Bernard and Broutin, H\'{e}l\`{e}ne and Munayco, Cesar V},
doi = {10.1186/1471-2334-11-164},
journal = {BMC Infectious Diseases},
pages = {164},
title = {{The influence of geographic and climate factors on the timing of dengue epidemics in Per\'{u}, 1994-2008.}},
volume = {11},
year = {2011}
}
@article{Cummings2004,
author = {Cummings, Derek A T and Irizarry, Rafael A and Huang, Norden E and Endy, Timothy P and Nisalak, Ananda and Ungchusak, Kumnuan},
doi = {10.1038/nature02226.1.},
journal = {Nature},
pages = {2--5},
title = {{Travelling waves in the occurrence of dengue haemorrhagic fever in Thailand}},
volume = {427},
year = {2004}
}
@article{Finkenstadt2000,
author = {Finkenst\"{a}dt, B. F. and Grenfell, B. T.},
doi = {10.1111/1467-9876.00187},
journal = {Journal of the Royal Statistical Society Series C},
pages = {187--205},
title = {{Time series modelling of childhood diseases: a dynamical systems approach}},
volume = {49},
year = {2000}
}
@article{Glass2003,
author = {Glass, K. and Xia, Y. and Grenfell, B.T.},
doi = {10.1016/S0022-5193(03)00031-6},
journal = {Journal of Theoretical Biology},
pages = {19--25},
title = {{Interpreting time-series analyses for continuous-time biological models: measles as a case study}},
volume = {223},
year = {2003}
}
@article{Grenfell1997,
title={{(Meta) population dynamics of infectious diseases}},
author={Grenfell, Bryan and Harwood, John},
journal={Trends in Ecology \& Evolution},
volume={12},
number={10},
pages={395--399},
year={1997},
publisher={Elsevier}
}
@article{Grenfell2001,
author = {Grenfell, B T and Bj\"{o}rnstad, O N and Kappey, J},
doi = {10.1038/414716a},
journal = {Nature},
number = {6865},
pages = {716--23},
title = {{Travelling waves and spatial hierarchies in measles epidemics.}},
volume = {414},
year = {2001}
}
@article{Hii2012,
author = {Hii, YL and Rockl\"{o}v, J and Wall, Stig and Ng, LC},
doi = {10.1371/journal.pntd.0001848},
journal = {PLOS Neglected Tropical Diseases},
title = {{Optimal lead time for dengue forecast}},
url = {http://dx.plos.org/10.1371/journal.pntd.0001848},
volume = {6},
year = {2012},
pages = {e1848}
}
@article{Hijmans2005,
author = {Hijmans, Robert J. and Cameron, Susan E. and Parra, Juan L. and Jones, Peter G. and Jarvis, Andy},
journal = {International Journal of Climatology},
pages = {1965--1978},
title = {{Very high resolution interpolated climate surfaces for global land areas}},
volume = {25},
year = {2005}
}
@article{Johansson2009,
author = {Johansson, Michael A and Dominici, Francesca and Glass, Gregory E},
doi = {10.1371/journal.pntd.0000382},
journal = {PLOS Neglected Tropical Diseases},
pages = {e382},
title = {{Local and global effects of climate on dengue transmission in Puerto Rico.}},
volume = {3},
year = {2009}
}
@article{Johansson2011,
author={Johansson, M. A. and Hombach, J. and Cummings, D. A. T.},
journal={Vaccine},
year={2011},
title={{Models of the impact of dengue vaccines: A review of current research and potential approaches}},
volume={29},
pages={5860--5868}
}
@article{Johansson2014,
author = {Johansson, Michael A and Powers, Ann M and Pesik, Nicki and Cohen, Nicole J and Staples, J Erin},
doi = {10.1371/journal.pone.0104915},
journal = {PLOS One},
pages = {e104915},
title = {{Nowcasting the spread of Chikungunya virus in the Americas.}},
volume = {9},
year = {2014}
}
@article{Josseran2006,
author = {Josseran, L. and Paquet, C. and Zehgnoun, A. and Caillere, N. and Le Tertre, A. and Solet, J. L. and Ledrans, M.},
title = {Chikungunya disease outbreak, Reunion Island},
journal = {Emerging Infectious Diseases},
volume = {12},
year = {2006},
pages = {1994}
}
@article{Khan2014,
author = {Khan, Kamran and Bogoch, Isaac and Brownstein, John S and Miniota, Jennifer and Nicolucci, Adrian and Hu, Wei and Elaine, O and Cetron, Martin and Creatore, Maria Isabella and German, Matthew and Wilder-Smith, Annelies},
doi = {10.1371/currents.outbreaks.2134a0a7bf37fd8d388181539fea2da5},
pages = {1--11},
title = {{Assessing the Origin of and Potential for International Spread of Chikungunya Virus from the Caribbean}},
year = {2014},
journal = {PLOS Currents Outbreaks},
volume=1
}
@article{Klepac2011,
author = {Klepac, Petra and Laxminarayan, Ramanan and Grenfell, Bryan T},
doi = {10.1073/pnas.1101694108/-/DCSupplemental.www.pnas.org/cgi/doi/10.1073/pnas.1101694108},
journal = {Proceedings of the National Academy of Sciences},
title = {{Synthesizing epidemiological and economic optima for control of immunizing infections}},
year = {2011},
volume=108,
pages={14366--14370}
}
@article{Koelle2004,
author = {Koelle, Katia and Pascual, Mercedes},
doi = {10.1086/420798},
journal = {American Naturalist},
pages = {901--13},
title = {{Disentangling extrinsic from intrinsic factors in disease dynamics: a nonlinear time series approach with an application to cholera.}},
volume = {163},
year = {2004}
}
@article{Leparc2014,
author = {Leparc-Goffart, I. and Nougairede, A. and Cassadou, S. and Prat, C. and de Lamballerie, X.},
title = {{Chikungunya in the Americas}},
journal = {Lancet},
volume = {383},
pages = {514},
year = {2014}
}
@article{Liu1987,
title={Dynamical behavior of epidemiological models with nonlinear incidence rates},
author={Liu, W and Hethcote, Herbert W and Levin, Simon A},
journal={Journal of Mathematical Biology},
volume={25},
pages={359--380},
year={1987}
}
@Book{MASS,
title = {Modern Applied Statistics with S},
author = {W. N. Venables and B. D. Ripley},
publisher = {Springer},
edition = {Fourth},
address = {New York},
year = {2002},
note = {ISBN 0-387-95457-0},
url = {http://www.stats.ox.ac.uk/pub/MASS4},
}
@article{Metcalf2010,
author = {Metcalf, C J E and Bj\"{o}rnstad, O N and Ferrari, M J and Klepac, P and Bharti, N and Lopez-Gatell, H and Grenfell, B T},
doi = {10.1017/S0950268810002165},
journal = {Epidemiology and Infection},
pages = {1--10},
title = {{The epidemiology of rubella in Mexico: seasonality, stochasticity and regional variation.}},
year = {2010},
volume = {139}
}
@article{Metcalf2011,
author = {Metcalf, C J E and Munayco, C V and Chowell, G and Grenfell, B T and Bj\"{o}rnstad, O N},
doi = {10.1098/rsif.2010.0320},
journal = {Journal of the Royal Society Interface},
pages = {369--76},
title = {{Rubella metapopulation dynamics and importance of spatial coupling to the risk of congenital rubella syndrome in Per\'u}},
volume = {8},
year = {2011}
}
@article{Metcalf2013,
author = {Metcalf, C Jessica E and Hampson, Katie and Tatem, Andrew J and Grenfell, Bryan T and Bj\"{o}rnstad, Ottar N},
doi = {10.1371/journal.pone.0074696},
journal = {PLOS One},
pages = {e74696},
title = {{Persistence in epidemic metapopulations: quantifying the rescue effects for measles, mumps, rubella and whooping cough.}},
volume = {8},
year = {2013}
}
@article{Mills2014,
author = {Mills, Harriet L and Riley, Steven},
doi = {10.1371/journal.pcbi.1003561},
journal = {PLOS Computational Biology},
pages = {e1003561},
title = {{The spatial resolution of epidemic peaks.}},
volume = {10},
year = {2014}
}
@article{Panhuis2013,
author = {van Panhuis, Willem G and Grefenstette, John and Jung, Su Yon and Chok, Nian Shong and Cross, Anne and Eng, Heather and Lee, Bruce Y and Zadorozhny, Vladimir and Brown, Shawn and Cummings, Derek and Burke, Donald S},
title = {{Contagious diseases in the United States from 1888 to the present}},
journal = {New England Journal of Medicine},
year = {2013},
volume = {369},
pages = {2152--2158}
}
@article{Pascual2008,
author = {Pascual, M and Cazelles, B and Bouma, M J and Chaves, L F and Koelle, K},
doi = {10.1098/rspb.2007.1068},
journal = {Proceedings of the Royal Society Series B},
pages = {123--32},
title = {{Shifting patterns: malaria dynamics and rainfall variability in an African highland.}},
volume = {275},
year = {2008}
}
@article{Perkins2013,
author = {Perkins, T. A. and Scott, T. W. and {Le Menach}, A. and Smith, D. L.},
journal = {PLOS Computational Biology},
pages = {e1003327},
title = {{Heterogeneity, mixing, and the spatial scales of mosquito-borne pathogen transmission}},
volume = {9},
year = {2013}
}
@article{Pialoux2007,
author = {Pialoux, Gilles and Ga\"{u}z\`{e}re, B A},
journal = {Lancet Infectious Diseases},
pages = {319--327},
title = {{Chikungunya, an epidemic arbovirosis}},
volume = {7},
year = {2007}
}
@article{Powers2007,
author = {Powers, Ann M and Logue, Christopher H},
doi = {10.1099/vir.0.82858-0},
journal = {Journal of General Virology},
pages = {2363--77},
title = {{Changing patterns of Chikungunya virus: re-emergence of a zoonotic arbovirus.}},
volume = {88},
year = {2007}
}
@Manual{R,
title = {R: A Language and Environment for Statistical Computing},
author = {{R Core Team}},
organization = {R Foundation for Statistical Computing},
address = {Vienna, Austria},
year = {2014},
url = {http://www.R-project.org/},
}
@article{Reich2013,
author = {Reich, Nicholas G and Shrestha, Sourya and King, Aaron A and Rohani, Pejman and Lessler, Justin and Kalayanarooj, Siripen and Yoon, In-Kyu and Gibbons, Robert V and Burke, Donald S and Cummings, Derek A T},
doi = {10.1098/rsif.2013.0414},
journal = {Journal of the Royal Society Interface},
pages = {20130414},
title = {{Interactions between serotypes of dengue highlight epidemiological impact of cross-immunity.}},
volume = {10},
year = {2013}
}
@article{Reiner2014,
author = {Reiner, Robert C and Stoddard, Steven T and Forshey, Brett M and King, Aaron A and Ellis, Alicia M and Lloyd, Alun L and Long, Kanya C and Rocha, Claudio and Vilcarromero, Stalin and Astete, Helvio and Bazan, Isabel and Lenhart, Audrey and Vazquez-Prokopec, Gonzalo M and Paz-Soldan, Valerie A and McCall, Philip J and Kitron, Uriel and Elder, John P and Halsey, Eric S and Morrison, Amy C and Kochel, Tadeusz J and Scott, Thomas W},
doi = {10.1073/pnas.1314933111},
journal = {Proceedings of the National Academy of Sciences},
pages = {E2694--702},
title = {{Time-varying, serotype-specific force of infection of dengue virus.}},
volume = {111},
year = {2014}
}
@article{Rezza2007,
title={Infection with chikungunya virus in Italy: an outbreak in a temperate region},
author={Rezza, G and Nicoletti, L and Angelini, R and Romi, R and Finarelli, AC and Panning, M and Cordioli, P and Fortuna, C and Boros, S and Magurano, F and others},
journal={Lancet},
volume={370},
number={9602},
pages={1840--1846},
year={2007},
publisher={Elsevier}
}
@article{Robinson2014,
author = {Robinson, Marguerite and Conan, Anne and Duong, Veasna and Ly, Sowath and Ngan, Chantha and Buchy, Philippe and Tarantola, Arnaud and Rod\'{o}, Xavier},
journal = {PLOS Neglected Tropical Diseases},
pages = {e3120},
title = {{A model for a Chikungunya outbreak in a rural Cambodian setting: implications for disease control in uninfected areas.}},
volume = {8},
year = {2014}
}
@article{Ruiz-Moreno2012,
author = {Ruiz-Moreno, Diego and Vargas, Irma Sanchez and Olson, Ken E. and Harrington, Laura C.},
doi = {10.1371/journal.pntd.0001918},
journal = {PLOS Neglected Tropical Diseases},
pages = {e1918},
title = {{Modeling dynamic introduction of Chikungunya virus in the United States}},
volume = {6},
year = {2012}
}
@article{Schwarz2012,
author = {Schwarz, Norbert G and Girmann, Mirko and Randriamampionona, Njary and Bialonski, Alexandra and Maus, Deborah and Caroline, Anne and Njarasoa, Christine and Rajanalison, Jeanne Fleury and Ramandrisoa, Herly Daniel and Randriarison, Maurice Lucien and May, J\"{u}rgen and Schmidt-chanasit, Jonas and Rakotozandrindrainy, Raphael},
journal = {Emerging Infectious Diseases},
title = {{Seroprevalence of antibodies against Chikungunya, dengue, and Rift Valley fever viruses after febrile illness outbreak, Madagascar}},
volume = {18},
year = {2012}
}
@article{Sissoko2008,
author = {Sissoko, D. and Moendandze, A. and Malvy, D. and Giry, C. and Ezzedine, K. and Solet, J. L. and Pierre, V.},
journal = {PLOS One},
pages = {e3066},
title = {{Seroprevalence and risk factors of chikungunya virus infection in Mayotte, Indian Ocean, 2005-2006: a population-based survey.}},
volume = {3},
year = {2008}
}
@article{Staples2009,
author = {Staples, J Erin and Breiman, Robert F and Powers, Ann M},
doi = {10.1086/605496},
journal = {Clinical Infectious Diseases},
pages = {942--8},
title = {{Chikungunya fever: an epidemiological review of a re-emerging infectious disease.}},
volume = {49},
year = {2009}
}
@article{Staples2014,
author = {Staples, J. E. and Fischer, M.},
journal = {New England Journal of Medicine},
pages = {887--9},
title = {{Chikunguna virus in the Americas -- What a vector borne pathogen can do}},
volume = {371},
year = {2014}
}
@article{Tatem2012,
author = {Tatem, Andrew J. and Huang, Zhuojie and Das, A. and Qi, Q. and Roth, J. and Qiu, Y.},
journal = {Parasitology},
pages = {1816--1830},
title = {{Air travel and vector-borne disease movement}},
volume = {139},
year = {2012}
}
@article{Tsetsarkin2007,
author = {Tsetsarkin, Konstantin A and Vanlandingham, Dana L and McGee, Charles E and Higgs, Stephen},
doi = {10.1371/journal.ppat.0030201},
journal = {PLOS Pathogens},
pages = {e201},
title = {{A single mutation in Chikungunya virus affects vector specificity and epidemic potential.}},
volume = {3},
year = {2007}
}
@article{Weaver2014,
author = {Weaver, Scott C},
doi = {10.1371/journal.pntd.0002921},
journal = {PLOS Neglected Tropical Diseases},
pages = {e2921},
title = {{Arrival of Chikungunya virus in the new world: prospects for spread and impact on public health.}},
volume = {8},
year = {2014}
}
@article{Weaver2010,
author = {Weaver, Scott C and Reisen, William K},
doi = {10.1016/j.antiviral.2009.10.008},
journal = {Antiviral Research},
pages = {328--45},
title = {{Present and future arboviral threats.}},
volume = {85},
year = {2010}
}
@article{Xia2004,
author = {Xia, Yingcun and Bj\"{o}rnstad, Ottar N and Grenfell, Bryan T},
journal = {American Naturalist},
pages = {267--81},
title = {{Measles metapopulation dynamics: a gravity model for epidemiological coupling and dynamics.}},
volume = {164},
year = {2004}
}
@article{Yakob2013,
author = {Yakob, Laith and Clements, Archie C A},
journal = {PLOS One},
pages = {e57448},
title = {{A mathematical model of Chikungunya dynamics and control: the major epidemic on R\'{e}union Island.}},
volume = {8},
year = {2013}
}
